@misc{skeletal,
  author = {Microsoft Developer Network},
  title = {{Skeletal Tracking}},
  howpublished = "\url{https://msdn.microsoft.com/en-us/library/hh973074.aspx}",
  year = {2017}, 
  note = "[Online; accessed 25-April-2017]"
}

@misc{tracking,
  author = {Microsoft Developer Network},
  title = {{Tracking Users with Kinect Skeletal Tracking}},
  howpublished = "\url{https://msdn.microsoft.com/en-us/library/jj131025.aspx}",
  year = {2017}, 
  note = "[Online; accessed 25-April-2017]"
}